@online{dichten_metalle,
	title = {Density of Metals.},		
	url = {https://www.simetric.co.uk/si_metals.htm},
  author = {Roger Walker},
	urldate = {2019-12-09},
}

@online{youngs_modulus,
	title = {Young's Modulus - Tensile and Yield Strength for common Materials.},		
	url = {https://www.engineeringtoolbox.com/young-modulus-d_417.html},
  author = {Engineering ToolBox},
	urldate = {2019-12-09},
}

@online{physics_constants,
	title = {CODATA Internationally recommended 2018 values of the Fundamental Physical Constants.},
	url = {https://physics.nist.gov/cuu/Constants/},
	author = {NIST Standard Reference Database},
	urldate = {2019-12-09},
}

@online{flaechentraegheitsmomente,
	title = {Flƒachentrƒagheitsmomente, Spannungenim Balken.},
	url = {http://mech2.pi.tu-berlin.de/popov/mechanik1_ws0607/loesungen/me1-12.formeln.pdf},
	author = {Prof.Popov, TU Berlin},
	urldate = {2019-12-09},
}

@online{traegheitsmomente,
	title = {Moment of Inertia},
	url = {http://hyperphysics.phy-astr.gsu.edu/hbase/mi.html},
	author = {R. Nave, Georgia State University},
	urldate = {2019-12-14},
}