@manual{V803, 
    author = "TU Dortmund",
    title = "Versuchsanleitung zu Versuch Nr. 803 Das Hooksche Gesetz",
    year = 2019,
}